@article{Aharonov2008,
archivePrefix = {arXiv},
arxivId = {arXiv:quant-ph/9812037v1},
author = {Aharonov, Dorit},
eprint = {9812037v1},
file = {:home/KnightTwisted/Documents/Computer Science 3983 (Professional Practice)/Techinical Report/Papers/9812037.pdf:pdf},
pages = {1--78},
primaryClass = {arXiv:quant-ph},
title = {{Quantum computation âˆ—}},
year = {2008}
}
